<?xml version="1.0" encoding="UTF-8"?><collection xmlns="http://www.loc.gov/MARC21/slim"><record><leader>00384nam--2200145-i-4500</leader><controlfield tag="001">000004640</controlfield><controlfield tag="002">20161230</controlfield><controlfield tag="005">20170212000316</controlfield><controlfield tag="008">060222s1000------------r-----000-0-eng-d</controlfield><datafield ind1=" " ind2=" " tag="100"><subfield code="a">Bonetti, A</subfield></datafield><datafield ind1=" " ind2=" " tag="245"><subfield code="a">Heavy splinters in cosmic ray stars</subfield></datafield><datafield ind1=" " ind2=" " tag="260"><subfield code="a">Bruxelles</subfield><subfield code="b">Centre De Physique Nucleaire</subfield><subfield code="c">1951</subfield></datafield><datafield ind1=" " ind2=" " tag="300"><subfield code="a">4 p. + 2 Pl</subfield></datafield><datafield ind1=" " ind2=" " tag="700"><subfield code="a">Dilworth, C</subfield></datafield><datafield ind1=" " ind2=" " tag="CAT"><subfield code="a">SYS</subfield><subfield code="c">20170212</subfield><subfield code="h">000316</subfield></datafield></record></collection>